

@article{marsh1983corrections,
 title={Corrections to table 2.2 B of volume IV of International Tables for X-ray Crystallography},
 author={Marsh, RE and Slagle, KL},
 journal={Acta Crystallographica Section A: Foundations of Crystallography},
 volume={39},
 number={1},
 pages={173--173},
 year={1983},
 publisher={International Union of Crystallography}
}



@article{hamilton1974international,
 title={International Tables for X-ray Crystallography, vol. IV},
 author={Hamilton, WC},
 journal={Birmingham: Kynoch Press.(Present distributor Kluwer Academic Publishers, Dordrecht. Table 2.2B.)},
 pages={273--284},
 year={1974}
}

@unpublished{PyMOL,
 Annote = {PyMOL - The PyMOL Molecular Graphics System, Version 1.8, Schr{\"o}dinger, LLC.},
 Author = {{Schr\"odinger, LLC}},
 Date-Added = {2010-08-19 17:29:55 -0400},
 Date-Modified = {2015-12-22 18:04:08 -0400},
 Month = {November},
 Title = {The {PyMOL} Molecular Graphics System, Version~1.8},
 Year = {2015}
}

@article{ChenDz5180,
 author = "Chen, Vincent B. and Arendall, III, W. Bryan and Headd, Jeffrey J. and Keedy, Daniel A. and Immormino, Robert M. and Kapral, Gary J. and Murray, Laura W. and Richardson, Jane S. and Richardson, David C.",
 title = "{{\it MolProbity}: all-atom structure validation for macromolecular crystallography}",
 journal = "Acta Crystallographica Section D",
 year = "2010",
 volume = "66",
 number = "1",
 pages = "12--21",
 doi = {10.1107/S0907444909042073}
}




@misc{ceres-solver,
 author = "Sameer Agarwal and Keir Mierle and Others",
 title = "Ceres Solver",
 howpublished = "\url{http://ceres-solver.org}",
}




@article{RGs2016,
author = {Avi Ginsburg and Tal Ben-Nun and Roi Asor and Asaf Shemesh and Israel Ringel and Uri Raviv},
title = {Reciprocal Grids: A Hierarchical Algorithm for Computing Solution X-ray Scattering Curves from Supramolecular Complexes at High Resolution},
journal = {Journal of Chemical Information and Modeling},
volume = {56},
number = {8},
pages = {1518-1527},
year = {2016},
doi = {10.1021/acs.jcim.6b00159},
}
@article{Dplus2017,
author = {Avi Ginsburg and Tal Ben-Nun and Roi Asor and Asaf Shemesh, Lea Fink, Roee Tekoah, Yehonatan Levartovsky, Daniel Khaykelson, and Israel Ringel and Uri Raviv},
title = {D+: Software for High-Resolution Hierarchical Modeling of Solution X-Ray Scattering from Complex Structures},
journal = {Submitted},
volume = {0},
number = {0},
pages = {0-0},
year = {2018},

}
@article{fraser1978improved,
  title={An improved method for calculating the contribution of solvent to the X-ray diffraction pattern of biological molecules},
  author={Fraser, R.D.B. and MacRae, T.P. and Suzuki, E.},
  journal={Journal of Applied Crystallography},
  volume={11},
  number={6},
  pages={693--694},
  year={1978},
  publisher={International Union of Crystallography}
}
@article{pavlov,
  title={Improved technique for calculating X-ray scattering intensity of biopolymers in solution: Evaluation of the form, volume, and surface of a particle},
  author={Pavlov, M Yu and Fedorov, BA},
  journal={Biopolymers},
  volume={22},
  number={6},
  pages={1507--1522},
  year={1983},
  publisher={Wiley Online Library}
}
@article{szekely2010solution,
  title={Solution x-ray scattering form factors of supramolecular self-assembled structures},
  author={Sz{\'e}kely, Pablo and Ginsburg, Avi and Ben-Nun, Tal and Raviv, Uri},
  journal={Langmuir},
  volume={26},
  number={16},
  pages={13110--13129},
  year={2010},
  publisher={ACS Publications}
}
@article{Ben-NunX+,
  author = "Ben-Nun, Tal and Ginsburg, Avi and Sz{\'{e}}kely, Pablo and Raviv, Uri",
  title = "{{\it X+}: a comprehensive computationally accelerated structure analysis tool for solution x-ray scattering from supramolecular self-assemblies}",
  journal = "Journal of Applied Crystallography",
  year = "2010",
  volume = "43",
  number = "6",
  pages = "1522--1531",
  doi = {10.1107/S0021889810032772},
}
@book{Kittel2005,
  author = "C. Kittel",
  title = "Introducion to Solid State Physics.",
  year = "2005",
  publisher = "John Wiley and Sons"
  }
@book{als2011elements,
  title={Elements of modern x-ray physics},
  author={Als-Nielsen, Jens and McMorrow, Des},
  year={2011},
  publisher={John Wiley \& Sons}
}

@article{schneidman2013accurate,
 title={Accurate SAXS profile computation and its assessment by contrast variation experiments},
 author={Schneidman-Duhovny, Dina and Hammel, Michal and Tainer, John A and Sali, Andrej},
 journal={Biophysical journal},
 volume={105},
 number={4},
 pages={962--974},
 year={2013},
 publisher={Elsevier}
}

@article{svergun1995crysol,
 title={CRYSOL -- a program to evaluate X-ray solution scattering of biological macromolecules from atomic coordinates},
 author={Svergun, D and Barberato, Claudio and Koch, Michel HJ},
 journal = "Journal of Applied Crystallography",
 volume={28},
 number={6},
 pages={768--773},
 year={1995},
 publisher={International Union of Crystallography}
}

@article{kronrod1964integration,
  title={Integration With Accuracy Control},
  author={Kronrod, AS},
  journal={DOKLADY AKADEMII NAUK SSSR},
  volume={154},
  number={2},
  pages={283},
  year={1964},
  publisher={MEZHDUNARODNAYA KNIGA 39 DIMITROVA UL., 113095 MOSCOW, RUSSIA}
 }
 @article{laurie1997calculation,
  title={Calculation of Gauss-Kronrod quadrature rules},
  author={Laurie, Dirk},
  journal={Mathematics of Computation of the American Mathematical Society},
  volume={66},
  number={219},
  pages={1133--1145},
  year={1997}
 }



}
