@article{RGs2016,
author = {Avi Ginsburg and Tal Ben-Nun and Roi Asor and Asaf Shemesh and Israel Ringel and Uri Raviv},
title = {Reciprocal Grids: A Hierarchical Algorithm for Computing Solution X-ray Scattering Curves from Supramolecular Complexes at High Resolution},
journal = {Journal of Chemical Information and Modeling},
volume = {56},
number = {8},
pages = {1518-1527},
year = {2016},
doi = {10.1021/acs.jcim.6b00159},
}
@article{Dplus2017,
author = {Avi Ginsburg and Tal Ben-Nun and Roi Asor and Asaf Shemesh and Roee Tekoah and Israel Ringel and Uri Raviv},
title = {$D+$: Software for High-Resolution Hierarchical Modeling of Solution X-Ray Scattering from Complex Structures},
journal = {Submitted},
volume = {0},
number = {0},
pages = {0-0},
year = {2017},

}
@article{fraser1978improved,
  title={An improved method for calculating the contribution of solvent to the X-ray diffraction pattern of biological molecules},
  author={Fraser, R.D.B. and MacRae, T.P. and Suzuki, E.},
  journal={Journal of Applied Crystallography},
  volume={11},
  number={6},
  pages={693--694},
  year={1978},
  publisher={International Union of Crystallography}
}
@article{pavlov,
  title={Improved technique for calculating X-ray scattering intensity of biopolymers in solution: Evaluation of the form, volume, and surface of a particle},
  author={Pavlov, M Yu and Fedorov, BA},
  journal={Biopolymers},
  volume={22},
  number={6},
  pages={1507--1522},
  year={1983},
  publisher={Wiley Online Library}
}
@article{szekely2010solution,
  title={Solution x-ray scattering form factors of supramolecular self-assembled structures},
  author={Sz{\'e}kely, Pablo and Ginsburg, Avi and Ben-Nun, Tal and Raviv, Uri},
  journal={Langmuir},
  volume={26},
  number={16},
  pages={13110--13129},
  year={2010},
  publisher={ACS Publications}
}
@article{Ben-NunX+,
  author = "Ben-Nun, Tal and Ginsburg, Avi and Sz{\'{e}}kely, Pablo and Raviv, Uri",
  title = "{{\it X+}: a comprehensive computationally accelerated structure analysis tool for solution x-ray scattering from supramolecular self-assemblies}",
  journal = "Journal of Applied Crystallography",
  year = "2010",
  volume = "43",
  number = "6",
  pages = "1522--1531",
  doi = {10.1107/S0021889810032772},
}
@book{Kittel2005,
  author = "C. Kittel",
  title = "Introducion to Solid State Physics.",
  year = "2005",
  publisher = "John Wiley and Sons"
  }
@book{als2011elements,
  title={Elements of modern x-ray physics},
  author={Als-Nielsen, Jens and McMorrow, Des},
  year={2011},
  publisher={John Wiley \& Sons}
}

}
